@inproceedings{ellis2021dreamcoder,
  title={Dreamcoder: Bootstrapping inductive program synthesis with wake-sleep library learning},
  author={Ellis, Kevin and Wong, Catherine and Nye, Maxwell and Sabl{\'e}-Meyer, Mathias and Morales, Luc and Hewitt, Luke and Cary, Lionel and Solar-Lezama, Armando and Tenenbaum, Joshua B},
  booktitle={International Conference on Machine Learning},
  pages={835--850},
  year={2021},
  organization={PMLR}
}

@article{solomonoff1964formal,
  title={A formal theory of inductive inference. Part I},
  author={Solomonoff, Ray J},
  journal={Information and control},
  volume={7},
  number={1},
  pages={1--22},
  year={1964},
  publisher={Elsevier}
}

@article{rissanen1978modeling,
  title={Modeling by shortest data description},
  author={Rissanen, Jorma},
  journal={Automatica},
  volume={14},
  number={5},
  pages={465--471},
  year={1978},
  publisher={Elsevier}
}

@inproceedings{gulwani2011automating,
  title={Automating string processing in spreadsheets using input-output examples},
  author={Gulwani, Sumit},
  booktitle={Proceedings of the 38th annual ACM SIGPLAN-SIGACT symposium on Principles of programming languages},
  pages={317--330},
  year={2011}
}

@inproceedings{balog2017deepcoder,
  title={DeepCoder: Learning to write programs},
  author={Balog, Matej and Gaunt, Alexander L and Brockschmidt, Marc and Nowozin, Sebastian and Tarlow, Daniel},
  booktitle={International Conference on Learning Representations},
  year={2017}
}

@inproceedings{devlin2017robustfill,
  title={RobustFill: Neural program learning under noisy I/O},
  author={Devlin, Jacob and Uesato, Jonathan and Bhupatiraju, Surya and Singh, Rishabh and Mohamed, Abdel-rahman and Kohli, Pushmeet},
  booktitle={International Conference on Machine Learning},
  pages={990--998},
  year={2017}
}

@inproceedings{feser2015synthesizing,
  title={Synthesizing data structure transformations from input-output examples},
  author={Feser, John K and Chaudhuri, Swarat and Dillig, Isil},
  booktitle={Proceedings of the 36th ACM SIGPLAN Conference on Programming Language Design and Implementation},
  pages={229--239},
  year={2015}
}

@article{muggleton1994inductive,
  title={Inductive logic programming: Theory and methods},
  author={Muggleton, Stephen and De Raedt, Luc},
  journal={The Journal of Logic Programming},
  volume={19},
  pages={629--679},
  year={1994},
  publisher={Elsevier}
}

@article{quinlan1990learning,
  title={Learning logical definitions from relations},
  author={Quinlan, J Ross},
  journal={Machine learning},
  volume={5},
  number={3},
  pages={239--266},
  year={1990},
  publisher={Springer}
}

@article{muggleton1995inverse,
  title={Inverse entailment and Progol},
  author={Muggleton, Stephen},
  journal={New generation computing},
  volume={13},
  number={3},
  pages={245--286},
  year={1995},
  publisher={Springer}
}

@article{evans2018learning,
  title={Learning explanatory rules from noisy data},
  author={Evans, Richard and Grefenstette, Edward},
  journal={Journal of Artificial Intelligence Research},
  volume={61},
  pages={1--64},
  year={2018}
}

@inproceedings{yang2017differentiable,
  title={Differentiable learning of logical rules for knowledge base reasoning},
  author={Yang, Fan and Yang, Zhilin and Cohen, William W},
  booktitle={Advances in Neural Information Processing Systems},
  pages={2319--2328},
  year={2017}
}

@article{muggleton2014meta,
  title={Meta-interpretive learning: application to grammatical inference},
  author={Muggleton, Stephen H and Lin, Dianhuan and Pahlavi, Niels and Tamaddoni-Nezhad, Alireza},
  journal={Machine Learning},
  volume={94},
  number={1},
  pages={25--49},
  year={2014},
  publisher={Springer}
}

@inproceedings{rocktaschel2017end,
  title={End-to-end differentiable proving},
  author={Rockt{\"a}schel, Tim and Riedel, Sebastian},
  booktitle={Advances in Neural Information Processing Systems},
  pages={3788--3800},
  year={2017}
}

@article{battaglia2018relational,
  title={Relational inductive biases, deep learning, and graph networks},
  author={Battaglia, Peter W and Hamrick, Jessica B and Bapst, Victor and Sanchez-Gonzalez, Alvaro and Zambaldi, Vinicius and Malinowski, Mateusz and Tacchetti, Andrea and Raposo, David and Santoro, Adam and Faulkner, Ryan and others},
  journal={arXiv preprint arXiv:1806.01261},
  year={2018}
}

@article{mitchell2018never,
  title={Never-ending learning},
  author={Mitchell, Tom and Cohen, William and Hruschka, Estevam and Talukdar, Partha and Yang, Bishan and Betteridge, Justin and Carlson, Andrew and Dalvi, Bhavana and Gardner, Matt and Kisiel, Bryan and others},
  journal={Communications of the ACM},
  volume={61},
  number={5},
  pages={103--115},
  year={2018},
  publisher={ACM New York, NY, USA}
}

@article{wei2022chain,
  title={Chain-of-thought prompting elicits reasoning in large language models},
  author={Wei, Jason and Wang, Xuezhi and Schuurmans, Dale and Bosma, Maarten and Xia, Fei and Chi, Ed and Le, Quoc V and Zhou, Denny},
  journal={Advances in Neural Information Processing Systems},
  volume={35},
  pages={24824--24837},
  year={2022}
}

@inproceedings{yao2023react,
  title={ReAct: Synergizing reasoning and acting in language models},
  author={Yao, Shunyu and Zhao, Jeffrey and Yu, Dian and Du, Nan and Shafran, Izhak and Narasimhan, Karthik and Cao, Yuan},
  booktitle={International Conference on Learning Representations},
  year={2023}
}

@article{schick2023toolformer,
  title={Toolformer: Language models can teach themselves to use tools},
  author={Schick, Timo and Dwivedi-Yu, Jane and Dess{\`\i}, Roberto and Raileanu, Roberta and Lomeli, Maria and Zettlemoyer, Luke and Cancedda, Nicola and Scialom, Thomas},
  journal={arXiv preprint arXiv:2302.04761},
  year={2023}
}

@inproceedings{gao2023pal,
  title={PAL: Program-aided language models},
  author={Gao, Luyu and Madaan, Aman and Zhou, Shuyan and Alon, Uri and Liu, Pengfei and Yang, Yiming and Callan, Jamie and Neubig, Graham},
  booktitle={International Conference on Machine Learning},
  pages={10764--10799},
  year={2023},
  organization={PMLR}
}

@inproceedings{de2007problog,
  title={ProbLog: A probabilistic Prolog and its application in link discovery},
  author={De Raedt, Luc and Kimmig, Angelika and Toivonen, Hannu},
  booktitle={IJCAI},
  volume={7},
  pages={2462--2467},
  year={2007}
}

@article{richardson2006markov,
  title={Markov logic networks},
  author={Richardson, Matthew and Domingos, Pedro},
  journal={Machine learning},
  volume={62},
  number={1},
  pages={107--136},
  year={2006},
  publisher={Springer}
}

@article{bach2017hinge,
  title={Hinge-loss Markov random fields and probabilistic soft logic},
  author={Bach, Stephen H and Broecheler, Matthias and Huang, Bert and Getoor, Lise},
  journal={Journal of Machine Learning Research},
  volume={18},
  number={1},
  pages={3846--3912},
  year={2017}
}